<?xml version="1.0" encoding="UTF-8"?><collection xmlns="http://www.loc.gov/MARC21/slim"><record><leader>00518nam--2200181-i-4500</leader><controlfield tag="001">000042141</controlfield><controlfield tag="002">20161230</controlfield><controlfield tag="005">20161230201043</controlfield><controlfield tag="008">060222s1000------------r-----000-0-fre-d</controlfield><datafield ind1=" " ind2=" " tag="040"><subfield code="a">IFIN-HH</subfield></datafield><datafield ind1=" " ind2=" " tag="041"><subfield code="a">fre</subfield></datafield><datafield ind1=" " ind2=" " tag="080"><subfield code="a">523.9</subfield></datafield><datafield ind1="1" ind2=" " tag="100"><subfield code="a">Guillemin, Amedee</subfield></datafield><datafield ind1="1" ind2="0" tag="245"><subfield code="a">Le soleil. ouvrage illustre de 58 rigures graves sur bois</subfield><subfield code="b">Petite enciclopedie populaire par</subfield><subfield code="c">Amedee guillemin</subfield></datafield><datafield ind1=" " ind2=" " tag="260"><subfield code="a">Paris</subfield><subfield code="b">Librarie Hachette Et C-ie</subfield><subfield code="c">1883</subfield></datafield><datafield ind1=" " ind2=" " tag="300"><subfield code="a">214 P</subfield></datafield><datafield ind1=" " ind2=" " tag="852"><subfield code="a">76475</subfield><subfield code="c">523</subfield></datafield><datafield ind1=" " ind2=" " tag="CAT"><subfield code="a">Sys</subfield><subfield code="c">20141209</subfield><subfield code="h">135149</subfield></datafield></record></collection>